%---------------------------------------------------------------------------%
%-                                                                         -%
%-                             Bibliography                                -%
%-                                                                         -%
%---------------------------------------------------------------------------%
%%（1）专著
%% 主要责任者.题名：其他题名信息[文献类型标志（电子文献必备，其他文献任选，以下同）].其他责任者（任选）.版本项.出版地：出版者，出版年：引文起-止页码[引用日期（联机文献必备，其他电子文献任选，以下同）].获取和访问路径（联机文献必备，以下同）.
% 
% 李祥浩.青藏高原东缘环境与生态[M].成都：四川大学出版社，2002.
@book{li2002,
  author={李祥浩},
  key = {li xiang hao},
  title={青藏高原东缘环境与生态},
  address={成都},
  publisher={四川大学出版社},
  year={2002}
}
% 田婉淑，江耀明.中国两栖爬行动物鉴定手册[M].北京：科学出版社，1986：98-106.
@book{tian1986,
  author={田婉淑 and 江耀明},
  key = {tian wan shu  jiang yao ming},
  title={中国两栖爬行动物鉴定手册},
  address={北京},
  publisher={科学出版社},
  year={1986},
  pages={98--106}
}
% 赵耀东.新时代的工业工程师[M/OL].台北：天下文化出版社，1998[1998-09-26].http://www.ie.nthu.edu.tw/info/ie.newie.htm.
@book{zhao1998,
  author={赵耀东},
  key = {zhao yao dong},
  title={新时代的工业工程师},
  address={台北},
  publisher={天下文化出版社},
  year={1998},
  urldate={1998--09--26},
  url={http://www.ie.nthu.edu.tw/info/ie.newie.htm}
}
% 辛希孟.信息技术与信息服务国际研讨会论文集：A集[C].北京：中国社会科学出版社，1994.
@proceedings{xin1994,
  author={辛希孟},
  key = {xin xi meng},
  title={信息技术与信息服务国际研讨会论文集：A集},
  address={北京},
  publisher={中国社会科学出版社},
  year={1994}
}
% PEEBLES P Z, Jr. Probability, random variable, and random signal principles[M]. 4th ed. New York: McGraw Hill, 2001.
@book{peebles2001,
  author = {Peebles, Jr, P Z},
  title = {Probability, random variable, and random signal principles},
  edition = {4},
  address = {New York},
  publisher = {McGraw Hill},
  year = {2001}
}
% 林钰婷.台产攀蜥属之细胞遗传研究[D].台湾.台湾师范大学生命科学研究所，2006.
@phdthesis{lin2006,
  author={林钰婷},
  key = {lin yu ting},
  title={台产攀蜥属之细胞遗传研究},
  address={台湾},
  publisher={台湾师范大学生命科学研究所},
  year={2006}
}
%%（2）专著中的析出文献
%% 析出文献主要责任者.析出文献题名[文献类型标志].析出文献其他责任者//专著主要责任者.专著题名：其他题名信息.版本项.出版地：出版者，出版年：析出文献的页码[引用日期].获取和访问路径.
% 
% 程根伟.1998年长江洪水的成因与减灾对策[M]//许厚泽，赵其国.长江流域洪涝灾害与科技对策.北京：科学出版社，1999：32-36.
@incollection{cheng1999,
  author={程根伟},
  key = {cheng gen wei},
  title={1998年长江洪水的成因与减灾对策},
  editor = {许厚泽 and 赵其国},
  booktitle = {长江流域洪涝灾害与科技对策},
  address = {北京},
  publisher = {科学出版社},
  year = {1999},
  pages = {32--36}
}
%%（3）连续出版物
%% 主要责任者.题名：其他题名信息[文献类型标志].年，卷（期）-年，卷（期）.出版地：出版者，出版年[引用日期].获取和访问路径.
% 
% 中国地质学会.地质论评[J].1936,1（1）-.北京：地质出版社，1936-.
@periodical{zhong1936,
  author = {中国地质学会},
  key = {zhong guo di zhi xue hui},
  title = {地质论评},
  year = {1936--},
  volume = {1},
  number = {1},
  address = {北京},
  institution = {地质出版社},
}
% 中国图书馆学会.图书馆学通讯[J].1957（1）-1990（4）.北京：北京图书馆，1957-1990.
@periodical{zhongtu1957,
  author = {中国图书馆学会},
  key = {zhong guo tu shu guan xue hui},
  title = {图书馆学通讯},
  year = {1957--1990},
  number = {1--4},
  address = {北京},
  institution = {北京图书馆}
}
% American Association for the Advancement of Science[J]. Science. 1883,1(1)-. Washington, D.C.: American Association for the Advancement of Science, 1883-.
% TODO:
@periodical{aaas1883,
  title = {{American Association for the Advancement of Science}},
  journal = {Science},
  year = {1883},
  volume = {1},
  number = {1},
  address = {Washington, D.C.},
  publisher = {American Association for the Advancement of Science}
}
%%（4）期刊、报纸等连续出版物中的析出文献
%% 析出文献主要责任者.析出文献题名[文献类型标志].连续出版物题名：其他题名信息，年，卷（期）：页码[引用日期].获取和访问路径.
% 
% 王静，周启心，田孟，等.树鼩模型：抑郁症的社会竞争失败与学习和记忆的被捕获条件反射[J].动物学研究，2011,32:24-30.
@article{wang2011shu,
  author = {王静 and 周启心 and 田孟 and others},
  key = {wang jing  zhou qi xin  tian meng},
  title = {树鼩模型：抑郁症的社会竞争失败与学习和记忆的被捕获条件反射},
  journal = {动物学研究},
  year = {2011},
  volume = {32},
  pages = {24--30}
}
% 郑本兴.云南玉龙雪山第四纪冰期与冰川演化模式[J].冰川冻土，2000,22（1）：53-61.
@article{zheng2000yun,
  author = {郑本兴},
  key = {zheng ben xing},
  title = {云南玉龙雪山第四纪冰期与冰川演化模式},
  journal = {冰川冻土},
  year = {2000},
  volume = {22},
  number = {1},
  pages = {53--61}
}
% 傅刚，赵承，李佳路.大风沙过后的思考[N/OL].北京青年报，2000-04-12（14）[2002-03-06]. http://www.bjyouth.com.cn/Bqb/20000412/B/4216%5ED0412B1401.htm.
@newspaper{fu2000da,
  author = {傅刚 and 赵承 and 李佳路},
  key = {fu gang  zhao cheng  li jia lu},
  title = {大风沙过后的思考},
  journal = {北京青年报},
  date = {2000--04--12},
  number = {14},
  url = {http://www.bjyouth.com.cn/Bqb/20000412/B/4216%5ED0412B1401.htm},
  urldate = {2002--03--06}
}
%%（5）专利文献
%% 专利申请者或所有者.专利题名：专利国别，专利号[文献类型标志].公告日期或公开日期[引用日期].获取和方位路径.
% 
% 江锡洲.一种湿热外敷药制备方案：中国，88105607.3[P].1989-07-26.
@patent{jiang1989,
  author = {江锡洲},
  key = {jiang xi zhou},
  title = {一种温热外敷药制备方法},
  number = {中国, 88105607.3},
  date = {1989--07--26}
}
% 西安电子科技大学.光折变自适应光外差探测方法：中国，01128777.2[P/OL].2002-03-06.http://211.152.9.47/sipoasp/zljs/hyjs-yx-new.asp?recid=01128777.2&leixin=0.
@patent{xi2002,
  author = {西安电子科技大学},
  key = {xi an dian zi ke ji da xue},
  title = {光折变自适应光外差探测方法},
  number = {中国, 01128777.2},
  date = {2002--03--06},
  url = {http://211.152.9.47/sipoasp/zljs/hyjs-yx-new.asp?recid=01128777.2&leixin=0}
}
%%（6）电子文献
%% 主要责任者.题名：其他题名信息[文献类型标志/文献载体标志].出版地：出版者，出版年（更新或修改日期）[引用日期].获取和访问路径.
% 
% Online Computer Library Center, Inc. History of OCLC[EB/OL]. [2000-01-08]. http://www.oclc.org/about/history/default.htm.
% TODO:
@online{oclc,
  author = {{Online Computer Library Center, Inc}},
  title = {History of OCLC},
  date = {2000--01--08},
  url = {http://www.oclc.org/about/history/default.htm}
}
%% 其它测试条目
@article{chen2001a,
  author = {陈建军 and 车建文 and 陈勇 and 李勇 and 王建文},
  key = {chen jian jun  che jian wen  chen yong  li yong  wang jian wen},
  title = {具有频率和振型概率约束的工程结构动力优化设计},
  journal = {计算力学学报},
  year = {2001},
  volume = {18},
  number = {1},
  pages = {74--80}
}
@article{chen2001b,
  author = {陈建军 and 车建文 and 陈勇 and 李勇 and 王建文},
  key = {chen jian jun  che jian wen  chen yong  li yong  wang jian wen},
  title = {具有频率和振型概率约束的工程结构动力优化设计},
  journal = {计算力学学报},
  year = {2001},
  volume = {18},
  number = {1},
  pages = {74--80}
}
@article{nadkarni1992,
  author = {Nadkarni, M A and Nair, C K K and Pandey, V N and others},
  title = {Characterzation of alpha-galactosidase from corynebacterium
murisepticum and mechanism of its induction},
  journal = {J Gen App Microbiol},
  year = {1992},
  volume = {38},
  pages = {223--234}
}
@article{nadkarni1992mechanism,
  author = {Nadkarni, K and Nair, A and Pandey, C and others},
  title = {Mechanism of its induction Characterzation of alpha-galactosidase from corynebacterium murisepticum},
  journal = {J Gen App Microbiol},
  year = {1992},
  volume = {38},
  pages = {223--234}
}
@article{nair1992,
  author = {Nair, C K K and Pandey, V N},
  title = {Characterzation of alpha-galactosidase from corynebacterium
murisepticum and mechanism of its induction},
  journal = {J Gen App Microbiol},
  year = {1992},
  volume = {38},
  pages = {223--234}
}
@article{hua1973,
  author = {华罗庚 and 王元},
  key = {hua luo geng  wang yuan},
  title = {论一致分布与近似分析：数论方法（I）},
  journal = {中国科学},
  year = {1973},
  number = {4},
  pages = {339--357}
}
@book{zhu1973,
  author = {竺可桢},
  key = {zhu ke zhen},
  title = {物候学},
  address = {北京},
  publisher = {科学出版社},
  year = {1973},
  pages = {104--107}
}
@book{huo1981,
  author = {霍夫斯塔主编},
  key = {huo fu si ta},
  title = {禽病学：下册},
  edition = {第7版},
  translator = {胡祥壁},
  address = {北京},
  publisher = {农业出版社},
  year = {1981},
  pages = {798--799}
}
@book{timoshenko1959,
  author = {Timoshenko, S P},
  title = {Theory of plate and shells},
  edition = {2nd},
  address = {New York},
  publisher = {McGraw-Hill},
  year = {1959},
  pages = {17--36}
}
@phdthesis{ding2001,
  author = {丁光莹},
  key = {ding guang ying},
  title = {钢筋混凝土框架结构非线性反应分析的随机模拟分析},
  address = {上海},
  school = {同济大学},
  year = {2001}
}
%% 其它条目
@article{stamerjohanns2009mathml,
    title={{MathML}-aware article conversion from {LaTeX}},
    author={Stamerjohanns, Heinrich and Ginev, Deyan and David, Catalin and Misev, Dimitar and Zamdzhiev, Vladimir and Kohlhase, Michael},
    journal={Towards a Digital Mathematics Library},
    volume={16},
    number={2},
    pages={109--120},
    year={2009},
    publisher={Masaryk University Press}
}
@proceedings{niu2013zonghe,
    editor       = {牛志明 and 斯温兰德 and 雷光春},
    key          = {Niu Zhi Ming Siwenlande Lei Guang Chun},
    title        = {综合湿地管理国际研讨会论文集},
    address      = {北京},
    publisher    = {海洋出版社},
    year         = {2013},
}
@article{Bohan1928,
    author = { ボハン, デ},
    title = { 過去及び現在に於ける英国と会 },
    journal = { 日本時報 },
    year = { 1928 },
    volume = { 17 },
    pages = { 5-9 },
    edition = { 9 },
    hyphenation = { japanese },
    language = { japanese }
}
@article{Dubrovin1906,
    author = { Дубровин, А. И },
    title = { Открытое письмо Председателя Главного Совета Союза Русского Народа Санкт-Петербургскому Антонию, Первенствующему члену Священного Синода },
    journal = { Вече },
    year = { 1906 },
    volume = {  },
    edition = { 97 },
    month = { 7 дек. 1906 },
    pages = { 1-3 },
    hyphenation = { russian },
    language = { russian }
}
%---------------------------------------------------------------------------%
